% This file was created with JabRef 2.6.
% Encoding: ISO8859_1

@ARTICLE{catras,
  author = {Aniol, RW},
  title = {Tree-ring analysis using {CATRAS}},
  journal = {Dendrochronologia},
  year = {1983},
  volume = {1},
  pages = {45-53},
  date-added = {2008-11-07 16:11:50 -0500},
  date-modified = {2008-11-07 16:13:07 -0500}
}

@ARTICLE{P5,
  author = {Baillie, M},
  title = {Future of dendrochronology with respect to archaeology},
  journal = {Dendrochronologia},
  year = {2002},
  volume = {20},
  pages = {69-85},
  number = {1-2},
  bdsk-file-1 = {YnBsaXN0MDDUAQIDBAUIJidUJHRvcFgkb2JqZWN0c1gkdmVyc2lvblkkYXJjaGl2ZXLRBgdUcm9vdIABqAkKFRYXGyIjVSRudWxs0wsMDQ4RFFpOUy5vYmplY3RzV05TLmtleXNWJGNsYXNzog8QgASABqISE4ACgAOAB1lhbGlhc0RhdGFccmVsYXRpdmVQYXRo0hgNGRpXTlMuZGF0YU8RAZYAAAAAAZYAAgAADE1hY2ludG9zaCBIRAAAAAAAAAAAAAAAAAAAAMIUqMpIKwAAACZErQZQNS5wZGYAAAAAAAAAAAAAAAAAAAAAAAAAAAAAAAAAAAAAAAAAAAAAAAAAAAAAAAAAAAAAAAAAAAAAAAAAAAAAJkfPxQusp1BERiBDQVJPAAIABQAACSAAAAAAAAAAAAAAAAAAAAAEUERGcwAQAAgAAMIU7xoAAAARAAgAAMUL5OcAAAABABgAJkStACZErAAMWaEAB9aiAAfWlQAAcCAAAgBETWFjaW50b3NoIEhEOlVzZXJzOnBldGVyYnJld2VyOkRvY3VtZW50czpXb3JrOlJlZmVyZW5jZXM6UERGczpQNS5wZGYADgAOAAYAUAA1AC4AcABkAGYADwAaAAwATQBhAGMAaQBuAHQAbwBzAGgAIABIAEQAEgA3VXNlcnMvcGV0ZXJicmV3ZXIvRG9jdW1lbnRzL1dvcmsvUmVmZXJlbmNlcy9QREZzL1A1LnBkZgAAEwABLwAAFQACABL//wAAgAXSHB0eH1gkY2xhc3Nlc1okY2xhc3NuYW1lox8gIV1OU011dGFibGVEYXRhVk5TRGF0YVhOU09iamVjdF8QKy4uLy4uL0RvY3VtZW50cy9Xb3JrL1JlZmVyZW5jZXMvUERGcy9QNS5wZGbSHB0kJaIlIVxOU0RpY3Rpb25hcnkSAAGGoF8QD05TS2V5ZWRBcmNoaXZlcgAIABEAFgAfACgAMgA1ADoAPABFAEsAUgBdAGUAbABvAHEAcwB2AHgAegB8AIYAkwCYAKACOgI8AkECSgJVAlkCZwJuAncCpQKqAq0CugK/AAAAAAAAAgEAAAAAAAAAKAAAAAAAAAAAAAAAAAAAAtE=},
  date-added = {2008-10-03 11:03:09 -0400},
  date-modified = {2008-10-03 11:03:48 -0400},
  keywords = {Dendrochronology, archaeology, radiocarbon, multi-disciplinary, future}
}

@ARTICLE{baillie1973,
  author = {Baillie, MGL and Pilcher, JR},
  title = {A simple crossdating program for tree-ring research},
  journal = {Tree-ring Bulletin},
  year = {1973},
  volume = {33},
  pages = {7-14},
  pdf = {Add data for field: Pdf},
  bdsk-file-1 = {YnBsaXN0MDDUAQIDBAUIJidUJHRvcFgkb2JqZWN0c1gkdmVyc2lvblkkYXJjaGl2ZXLRBgdUcm9vdIABqAkKFRYXGyIjVSRudWxs0wsMDQ4RFFpOUy5vYmplY3RzV05TLmtleXNWJGNsYXNzog8QgASABqISE4ACgAOAB1lhbGlhc0RhdGFccmVsYXRpdmVQYXRo0hgNGRpXTlMuZGF0YU8RAcAAAAAAAcAAAgAADE1hY2ludG9zaCBIRAAAAAAAAAAAAAAAAAAAAMIUqMpIKwAAAA19rQ9iYWlsbGllMTk3My5wZGYAAAAAAAAAAAAAAAAAAAAAAAAAAAAAAAAAAAAAAAAAAAAAAAAAAAAAAAAAAAAAAAAAOuMqxsbmJFBERiBDQVJPAAIABAAACSAAAAAAAAAAAAAAAAAAAAALUERGQXJ0aWNsZXMAABAACAAAwhTvGgAAABEACAAAxsceZAAAAAEAFAANfa0ADX2AAAfWogAH1pUAAHAgAAIATk1hY2ludG9zaCBIRDpVc2VyczpwZXRlcmJyZXdlcjpEb2N1bWVudHM6RGF0YWJhc2VzOlBERkFydGljbGVzOmJhaWxsaWUxOTczLnBkZgAOACAADwBiAGEAaQBsAGwAaQBlADEAOQA3ADMALgBwAGQAZgAPABoADABNAGEAYwBpAG4AdABvAHMAaAAgAEgARAASAEFVc2Vycy9wZXRlcmJyZXdlci9Eb2N1bWVudHMvRGF0YWJhc2VzL1BERkFydGljbGVzL2JhaWxsaWUxOTczLnBkZgAAEwABLwAAFQACABL//wAAgAXSHB0eH1gkY2xhc3Nlc1okY2xhc3NuYW1lox8gIV1OU011dGFibGVEYXRhVk5TRGF0YVhOU09iamVjdF8QNS4uLy4uL0RvY3VtZW50cy9EYXRhYmFzZXMvUERGQXJ0aWNsZXMvYmFpbGxpZTE5NzMucGRm0hwdJCWiJSFcTlNEaWN0aW9uYXJ5EgABhqBfEA9OU0tleWVkQXJjaGl2ZXIACAARABYAHwAoADIANQA6ADwARQBLAFIAXQBlAGwAbwBxAHMAdgB4AHoAfACGAJMAmACgAmQCZgJrAnQCfwKDApECmAKhAtkC3gLhAu4C8wAAAAAAAAIBAAAAAAAAACgAAAAAAAAAAAAAAAAAAAMF},
  date-added = {2009-09-04 15:42:08 -0400},
  date-modified = {2009-09-04 15:43:04 -0400}
}

@BOOK{P14,
  title = {Test and analysis of web services},
  publisher = {Springer},
  year = {2007},
  author = {Baresi, L and Di Nitto, E},
  address = {Berlin},
  date-added = {2008-11-19 12:09:50 -0500},
  date-modified = {2008-11-19 12:11:02 -0500}
}

@BOOK{P11,
  title = {On the full and open exchange of scientific data},
  publisher = {National Academy of Sciences},
  year = {1995},
  author = {Bretherton, F and Alexander, V and Brasseur, G and Cornillon, P and
	Hughes, WJ and Hughes, MK, Minster, B and Mosley-Thompson, E and
	Parton, W and potemra, TA and Simpson, J and Sorooshian, S and Townshend,
	JRG},
  address = {Washington, D.C.},
  date-added = {2008-11-19 09:47:38 -0500},
  date-modified = {2008-11-19 09:50:46 -0500}
}

@ARTICLE{tricycle,
  author = {Brewer, Peter and Murphy, Daniel and Jansma, Esther},
  title = {{TRiCYCLE}: A universal conversion tool for digital tree-ring data},
  journal = {Tree-Ring Research},
  year = {2011},
  volume = {67},
  pages = {135-144},
  owner = {pwb48},
  timestamp = {2011.02.04}
}


@ARTICLE{corina,
  author = {PW Brewer and K Sturgeon and L Madar and SW Manning},
  title = {A new approach to dendrochronological data management},
  journal = {Dendrochronologia},
  year = {2010},
  volume = {28},
  pages = {131-134},
  number = {2},
  bdsk-url-1 = {http://dx.doi.org/10.1016/j.dendro.2009.03.003},
  date-added = {2010-07-02 15:49:34 -0400},
  date-modified = {2010-07-02 15:50:13 -0400},
  url = {http://dx.doi.org/10.1016/j.dendro.2009.03.003}
}

@ARTICLE{P7,
  author = {Bunn, AG},
  title = {A dendrochronology program library in {R (dplR)}},
  journal = {Dendrochronologia},
  year = {2008},
  volume = {26},
  pages = {115-124},
  number = {2},
  bdsk-file-1 = {YnBsaXN0MDDUAQIDBAUIJidUJHRvcFgkb2JqZWN0c1gkdmVyc2lvblkkYXJjaGl2ZXLRBgdUcm9vdIABqAkKFRYXGyIjVSRudWxs0wsMDQ4RFFpOUy5vYmplY3RzV05TLmtleXNWJGNsYXNzog8QgASABqISE4ACgAOAB1lhbGlhc0RhdGFccmVsYXRpdmVQYXRo0hgNGRpXTlMuZGF0YU8RAZYAAAAAAZYAAgAADE1hY2ludG9zaCBIRAAAAAAAAAAAAAAAAAAAAMIUqMpIKwAAACZErQZQNy5wZGYAAAAAAAAAAAAAAAAAAAAAAAAAAAAAAAAAAAAAAAAAAAAAAAAAAAAAAAAAAAAAAAAAAAAAAAAAAAAAJkk5xQu+GFBERiBDQVJPAAIABQAACSAAAAAAAAAAAAAAAAAAAAAEUERGcwAQAAgAAMIU7xoAAAARAAgAAMUL9lgAAAABABgAJkStACZErAAMWaEAB9aiAAfWlQAAcCAAAgBETWFjaW50b3NoIEhEOlVzZXJzOnBldGVyYnJld2VyOkRvY3VtZW50czpXb3JrOlJlZmVyZW5jZXM6UERGczpQNy5wZGYADgAOAAYAUAA3AC4AcABkAGYADwAaAAwATQBhAGMAaQBuAHQAbwBzAGgAIABIAEQAEgA3VXNlcnMvcGV0ZXJicmV3ZXIvRG9jdW1lbnRzL1dvcmsvUmVmZXJlbmNlcy9QREZzL1A3LnBkZgAAEwABLwAAFQACABL//wAAgAXSHB0eH1gkY2xhc3Nlc1okY2xhc3NuYW1lox8gIV1OU011dGFibGVEYXRhVk5TRGF0YVhOU09iamVjdF8QKy4uLy4uL0RvY3VtZW50cy9Xb3JrL1JlZmVyZW5jZXMvUERGcy9QNy5wZGbSHB0kJaIlIVxOU0RpY3Rpb25hcnkSAAGGoF8QD05TS2V5ZWRBcmNoaXZlcgAIABEAFgAfACgAMgA1ADoAPABFAEsAUgBdAGUAbABvAHEAcwB2AHgAegB8AIYAkwCYAKACOgI8AkECSgJVAlkCZwJuAncCpQKqAq0CugK/AAAAAAAAAgEAAAAAAAAAKAAAAAAAAAAAAAAAAAAAAtE=},
  date-added = {2008-10-03 12:17:25 -0400},
  date-modified = {2008-11-19 12:14:03 -0500},
  keywords = {Statistical software; R; Detrending; Chronology}
}

@INPROCEEDINGS{cook1996,
  author = {Cook, ER and Holmes, RL},
  title = {Guide for computer program {ARSTAN}},
  booktitle = {The {International Tree-Ring Data Bank} program library version 2.0
	user's manual},
  year = {1996},
  editor = {Holmes, RL and Fritts, HC},
  pages = {75-87},
  address = {Tucson},
  publisher = {University of Arizona},
  date-added = {2010-11-18 09:36:57 -0500},
  date-modified = {2010-11-18 09:42:03 -0500}
}

@ARTICLE{P1,
  author = {Grissino-Mayer, HD and Fritts, HC},
  title = {The International Tree-Ring Data Bank: an enhanced global database
	serving the global scientific community},
  journal = {The Holocene},
  year = {1997},
  volume = {7},
  pages = {235-238},
  number = {2},
  abstract = {The International Tree-Ring Data Bank (ITRDB) was established in 1974
	to serve as a permanent repository for basic tree-ring data (measurements,
	chronologies, and derived reconstructions) developed and contributed
	by scientists from around the world. Housed at the World Data Center-A
	(WDC-A) for Paleoclimatology at the National Geophysical Data Center
	in Boulder, Colorado, USA, the ITRDB currently contains 3275 tree-ring
	chronologies and 2804 tree-ring measurement data sets from over 1500
	sites, contributed by 139 researchers worldwide. These data sets
	represent information from over 100 tree and shrub species. As part
	of the WDC system, the ITRDB makes its holdings freely available
	to all scientists. The ITRDB is administered by an international
	Advisory Committee consisting of eight dendrochronologists representing
	different subdisciplines in the tree-ring sciences. The ITRDB also
	provides two additional important services: the creation and management
	of the ITRDB Dendrochronology Forum on the Internet, and development
	and distribution of a collection of computer programs for tree-ring
	analyses known as the ITRDB Program Library. Future efforts of the
	ITRDB will focus on increasing the worldwide coverage of its database
	holdings, and to make the ITRDB a more visible component in the scientific
	community.},
  bdsk-file-1 = {YnBsaXN0MDDUAQIDBAUIJidUJHRvcFgkb2JqZWN0c1gkdmVyc2lvblkkYXJjaGl2ZXLRBgdUcm9vdIABqAkKFRYXGyIjVSRudWxs0wsMDQ4RFFpOUy5vYmplY3RzV05TLmtleXNWJGNsYXNzog8QgASABqISE4ACgAOAB1lhbGlhc0RhdGFccmVsYXRpdmVQYXRo0hgNGRpXTlMuZGF0YU8RAZYAAAAAAZYAAgAADE1hY2ludG9zaCBIRAAAAAAAAAAAAAAAAAAAAMIUqMpIKwAAACZErQZQMS5wZGYAAAAAAAAAAAAAAAAAAAAAAAAAAAAAAAAAAAAAAAAAAAAAAAAAAAAAAAAAAAAAAAAAAAAAAAAAAAAAJkSvxQubCQAAAAAAAAAAAAIABQAACSAAAAAAAAAAAAAAAAAAAAAEUERGcwAQAAgAAMIU7xoAAAARAAgAAMUL00kAAAABABgAJkStACZErAAMWaEAB9aiAAfWlQAAcCAAAgBETWFjaW50b3NoIEhEOlVzZXJzOnBldGVyYnJld2VyOkRvY3VtZW50czpXb3JrOlJlZmVyZW5jZXM6UERGczpQMS5wZGYADgAOAAYAUAAxAC4AcABkAGYADwAaAAwATQBhAGMAaQBuAHQAbwBzAGgAIABIAEQAEgA3VXNlcnMvcGV0ZXJicmV3ZXIvRG9jdW1lbnRzL1dvcmsvUmVmZXJlbmNlcy9QREZzL1AxLnBkZgAAEwABLwAAFQACABL//wAAgAXSHB0eH1gkY2xhc3Nlc1okY2xhc3NuYW1lox8gIV1OU011dGFibGVEYXRhVk5TRGF0YVhOU09iamVjdF8QKy4uLy4uL0RvY3VtZW50cy9Xb3JrL1JlZmVyZW5jZXMvUERGcy9QMS5wZGbSHB0kJaIlIVxOU0RpY3Rpb25hcnkSAAGGoF8QD05TS2V5ZWRBcmNoaXZlcgAIABEAFgAfACgAMgA1ADoAPABFAEsAUgBdAGUAbABvAHEAcwB2AHgAegB8AIYAkwCYAKACOgI8AkECSgJVAlkCZwJuAncCpQKqAq0CugK/AAAAAAAAAgEAAAAAAAAAKAAAAAAAAAAAAAAAAAAAAtE=},
  date-added = {2008-10-03 09:49:53 -0400},
  date-modified = {2008-10-03 09:54:30 -0400},
  keywords = {International Tree-Ring Data Bank, ITRDB, tree-rings, dendrochronology,
	dendroclimatology, databases.}
}

@INPROCEEDINGS{P3,
  author = {Guiot, J and Keller, T and Tessier, L},
  title = {Relational databases in dendroclimatology and new non-linear methods
	to analyse the tree response to climate and pollution},
  booktitle = {Tree Rings: From the Past to the Future. Proceedings of the International
	Workshop on Asian and Pacific Dendrochronology},
  year = {1995},
  editor = {Ohta, S and Fujii, T and Okada, N and Hughes, MK and Eckstein D},
  volume = {1},
  series = {Forestry and Forest Products Research Institute Scientific Meeting
	Report},
  pages = {17-23},
  date-added = {2008-10-03 10:18:48 -0400},
  date-modified = {2008-10-03 10:20:54 -0400},
  keywords = {air pollution, artificial neural network, carbon dioxide, carbon dioxide
	fertilization, database, growth decline, response function analysis,
	Abies alba Mill., Larix decidua Mill., Picea abies (L.) H. Karsten,
	Pinus sylvestris L.common larch, European larch, Baltic redwood,
	common pine, red pine, Scotch pine, Scots pine, European fir, silver
	fir}
}

@BOOK{dpl,
  title = {Dendrochronology Program Library (DPL)},
  publisher = {The University of Arizona},
  year = {2001},
  author = {Holmes, RL},
  address = {Tucson},
  date-added = {2008-11-07 16:05:40 -0500},
  date-modified = {2008-11-07 16:15:05 -0500}
}

@ARTICLE{P9,
  author = {Holmes, RL},
  title = {Computer-assisted quality control in tree-ring dating and measurement},
  journal = {Tree-ring Bulletin},
  year = {1983},
  volume = {43},
  pages = {69-78},
  date-added = {2008-10-08 12:41:26 -0400},
  date-modified = {2008-10-08 12:44:03 -0400},
  keywords = {Cofecha}
}

@INPROCEEDINGS{P2,
  author = {Hurni, JP and Orcel, A and Orcel, C},
  title = {A database and its potential uses in dendroclimatology},
  booktitle = {Tree Rings and Environment. International Dendrological Symposium,
	Ystad (Sweden), 3-9 Sep 1990},
  year = {1992},
  editor = {Bartholin, TS and Berglund, BE and Eckstein, D and Schweingruber,
	FH and Eggertsson, O},
  volume = {34},
  series = {Lundqua Report},
  pages = {150-151},
  publisher = {Lund University},
  date-added = {2008-10-03 10:11:11 -0400},
  date-modified = {2008-10-03 10:22:53 -0400},
  keywords = {WOOD, GROWTH RINGS, HISTORY, DATABASES, BOIS, CERNE, HISTOIRE, BANQUE
	DE DONNEES, MADERA, ANILLO DE CRECIMIENTO, HISTORIA, BASES DE DATOS}
}

@INPROCEEDINGS{jansma2010,
  author = {Jansma, E},
  title = {Preserving tree-ring data: a repository for the {Low Countries}},
  booktitle = {Driven by data, exploring the research horizon},
  year = {in press},
  editor = {de Groot, M and Wittenberg, M},
  pages = {29--33},
  publisher = {The Hague},
  date-added = {2010-08-26 10:39:35 -0400},
  date-modified = {2010-12-02 10:08:09 -0500}
}

@ARTICLE{tridas,
  author = {Jansma, E and Brewer, PW and Zandhuis, I},
  title = {{TRiDaS} 1.1: The tree-ring data standard},
  journal = {Dendrochronologia},
  year = {2010},
  volume = {28},
  pages = {99--130},
  number = {2},
  date-added = {2008-11-07 16:17:36 -0500},
  date-modified = {2010-05-19 14:01:53 -0400}
}

@BOOK{past,
  title = {PAST4 - Personal Analysis System for Treering Research software version
	4.5},
  publisher = {SCIEM},
  year = {2008},
  author = {Knibbe, B},
  bdsk-url-1 = {http://www.sciem.com/},
  date-added = {2008-11-13 13:56:30 -0500},
  date-modified = {2008-11-19 12:13:02 -0500},
  url = {http://www.sciem.com/}
}

@ARTICLE{P8,
  author = {Kuniholm, PI},
  title = {Archaeological dendrochronology},
  journal = {Dendrochronologia},
  year = {2002},
  volume = {20},
  pages = {63-68},
  number = {1-2},
  bdsk-file-1 = {YnBsaXN0MDDUAQIDBAUIJidUJHRvcFgkb2JqZWN0c1gkdmVyc2lvblkkYXJjaGl2ZXLRBgdUcm9vdIABqAkKFRYXGyIjVSRudWxs0wsMDQ4RFFpOUy5vYmplY3RzV05TLmtleXNWJGNsYXNzog8QgASABqISE4ACgAOAB1lhbGlhc0RhdGFccmVsYXRpdmVQYXRo0hgNGRpXTlMuZGF0YU8RAZYAAAAAAZYAAgAADE1hY2ludG9zaCBIRAAAAAAAAAAAAAAAAAAAAMIUqMpIKwAAACZErQZQOC5wZGYAAAAAAAAAAAAAAAAAAAAAAAAAAAAAAAAAAAAAAAAAAAAAAAAAAAAAAAAAAAAAAAAAAAAAAAAAAAAAJkmlxQvBnFBERiBDQVJPAAIABQAACSAAAAAAAAAAAAAAAAAAAAAEUERGcwAQAAgAAMIU7xoAAAARAAgAAMUL+dwAAAABABgAJkStACZErAAMWaEAB9aiAAfWlQAAcCAAAgBETWFjaW50b3NoIEhEOlVzZXJzOnBldGVyYnJld2VyOkRvY3VtZW50czpXb3JrOlJlZmVyZW5jZXM6UERGczpQOC5wZGYADgAOAAYAUAA4AC4AcABkAGYADwAaAAwATQBhAGMAaQBuAHQAbwBzAGgAIABIAEQAEgA3VXNlcnMvcGV0ZXJicmV3ZXIvRG9jdW1lbnRzL1dvcmsvUmVmZXJlbmNlcy9QREZzL1A4LnBkZgAAEwABLwAAFQACABL//wAAgAXSHB0eH1gkY2xhc3Nlc1okY2xhc3NuYW1lox8gIV1OU011dGFibGVEYXRhVk5TRGF0YVhOU09iamVjdF8QKy4uLy4uL0RvY3VtZW50cy9Xb3JrL1JlZmVyZW5jZXMvUERGcy9QOC5wZGbSHB0kJaIlIVxOU0RpY3Rpb25hcnkSAAGGoF8QD05TS2V5ZWRBcmNoaXZlcgAIABEAFgAfACgAMgA1ADoAPABFAEsAUgBdAGUAbABvAHEAcwB2AHgAegB8AIYAkwCYAKACOgI8AkECSgJVAlkCZwJuAncCpQKqAq0CugK/AAAAAAAAAgEAAAAAAAAAKAAAAAAAAAAAAAAAAAAAAtE=},
  date-added = {2008-10-03 12:32:43 -0400},
  date-modified = {2008-10-03 12:33:22 -0400},
  keywords = {Dendrochronology, tree rings, archaeology, teleconnections, databases}
}

@ARTICLE{P4,
  author = {Lavrent'yeva, NI and Polyushkin, YV},
  title = {A dendrochronology database within an integrated geographic information
	system},
  journal = {Mapping Sciences and Remote Sensing},
  year = {1993},
  volume = {30},
  pages = {198-204},
  number = {3},
  bdsk-file-1 = {YnBsaXN0MDDUAQIDBAUIJidUJHRvcFgkb2JqZWN0c1gkdmVyc2lvblkkYXJjaGl2ZXLRBgdUcm9vdIABqAkKFRYXGyIjVSRudWxs0wsMDQ4RFFpOUy5vYmplY3RzV05TLmtleXNWJGNsYXNzog8QgASABqISE4ACgAOAB1lhbGlhc0RhdGFccmVsYXRpdmVQYXRo0hgNGRpXTlMuZGF0YU8RAZYAAAAAAZYAAgAADE1hY2ludG9zaCBIRAAAAAAAAAAAAAAAAAAAAMIUqMpIKwAAACZErQZQNC5wZGYAAAAAAAAAAAAAAAAAAAAAAAAAAAAAAAAAAAAAAAAAAAAAAAAAAAAAAAAAAAAAAAAAAAAAAAAAAAAAJk19xQvp11BERiBDQVJPAAIABQAACSAAAAAAAAAAAAAAAAAAAAAEUERGcwAQAAgAAMIU7xoAAAARAAgAAMUMIhcAAAABABgAJkStACZErAAMWaEAB9aiAAfWlQAAcCAAAgBETWFjaW50b3NoIEhEOlVzZXJzOnBldGVyYnJld2VyOkRvY3VtZW50czpXb3JrOlJlZmVyZW5jZXM6UERGczpQNC5wZGYADgAOAAYAUAA0AC4AcABkAGYADwAaAAwATQBhAGMAaQBuAHQAbwBzAGgAIABIAEQAEgA3VXNlcnMvcGV0ZXJicmV3ZXIvRG9jdW1lbnRzL1dvcmsvUmVmZXJlbmNlcy9QREZzL1A0LnBkZgAAEwABLwAAFQACABL//wAAgAXSHB0eH1gkY2xhc3Nlc1okY2xhc3NuYW1lox8gIV1OU011dGFibGVEYXRhVk5TRGF0YVhOU09iamVjdF8QKy4uLy4uL0RvY3VtZW50cy9Xb3JrL1JlZmVyZW5jZXMvUERGcy9QNC5wZGbSHB0kJaIlIVxOU0RpY3Rpb25hcnkSAAGGoF8QD05TS2V5ZWRBcmNoaXZlcgAIABEAFgAfACgAMgA1ADoAPABFAEsAUgBdAGUAbABvAHEAcwB2AHgAegB8AIYAkwCYAKACOgI8AkECSgJVAlkCZwJuAncCpQKqAq0CugK/AAAAAAAAAgEAAAAAAAAAKAAAAAAAAAAAAAAAAAAAAtE=},
  date-added = {2008-10-03 10:48:46 -0400},
  date-modified = {2008-10-03 10:49:37 -0400},
  keywords = {disturbance history, geographic information systems, stand modification}
}

@BOOK{p10,
  title = {Surface Temperature Reconstructions for the Last 2,000 Years},
  publisher = {The National Academies Press},
  year = {2006},
  author = {North, GR and Biondi, F and Bloomfield, P and Christy, JR and Cuffey,
	KM and Dickinson, RE and Druffel, ERM and Nychka, D and Otto-Bliesner,
	B and Roberts, N and Turekian, KK and Wallace, JM},
  bdsk-file-1 = {YnBsaXN0MDDUAQIDBAUIJidUJHRvcFgkb2JqZWN0c1gkdmVyc2lvblkkYXJjaGl2ZXLRBgdUcm9vdIABqAkKFRYXGyIjVSRudWxs0wsMDQ4RFFpOUy5vYmplY3RzV05TLmtleXNWJGNsYXNzog8QgASABqISE4ACgAOAB1lhbGlhc0RhdGFccmVsYXRpdmVQYXRo0hgNGRpXTlMuZGF0YU8RAZoAAAAAAZoAAgAADE1hY2ludG9zaCBIRAAAAAAAAAAAAAAAAAAAAMIUqMpIKwAAACZErQdQMTAucGRmAAAAAAAAAAAAAAAAAAAAAAAAAAAAAAAAAAAAAAAAAAAAAAAAAAAAAAAAAAAAAAAAAAAAAAAAAAAAKIsrxT3G6FBERiBDQVJPAAIABQAACSAAAAAAAAAAAAAAAAAAAAAEUERGcwAQAAgAAMIU7xoAAAARAAgAAMU+DTgAAAABABgAJkStACZErAAMWaEAB9aiAAfWlQAAcCAAAgBFTWFjaW50b3NoIEhEOlVzZXJzOnBldGVyYnJld2VyOkRvY3VtZW50czpXb3JrOlJlZmVyZW5jZXM6UERGczpQMTAucGRmAAAOABAABwBQADEAMAAuAHAAZABmAA8AGgAMAE0AYQBjAGkAbgB0AG8AcwBoACAASABEABIAOFVzZXJzL3BldGVyYnJld2VyL0RvY3VtZW50cy9Xb3JrL1JlZmVyZW5jZXMvUERGcy9QMTAucGRmABMAAS8AABUAAgAS//8AAIAF0hwdHh9YJGNsYXNzZXNaJGNsYXNzbmFtZaMfICFdTlNNdXRhYmxlRGF0YVZOU0RhdGFYTlNPYmplY3RfECwuLi8uLi9Eb2N1bWVudHMvV29yay9SZWZlcmVuY2VzL1BERnMvUDEwLnBkZtIcHSQloiUhXE5TRGljdGlvbmFyeRIAAYagXxAPTlNLZXllZEFyY2hpdmVyAAgAEQAWAB8AKAAyADUAOgA8AEUASwBSAF0AZQBsAG8AcQBzAHYAeAB6AHwAhgCTAJgAoAI+AkACRQJOAlkCXQJrAnICewKqAq8CsgK/AsQAAAAAAAACAQAAAAAAAAAoAAAAAAAAAAAAAAAAAAAC1g==},
  date-added = {2008-11-10 11:06:24 -0500},
  date-modified = {2008-11-10 11:08:35 -0500}
}

@BOOK{P13,
  title = {{RESTful} web services},
  publisher = {O'Reilly},
  year = {2007},
  author = {Richardson, L and Ruby, S},
  address = {Sebastopol},
  date-added = {2008-11-19 11:33:22 -0500},
  date-modified = {2008-11-19 11:35:16 -0500}
}

@BOOK{tsap,
  title = {TSAP-Win software},
  publisher = {Rinntech},
  year = {2008},
  author = {Rinn, F},
  address = {Heidelberg},
  date-added = {2008-11-07 16:22:57 -0500},
  date-modified = {2008-11-19 12:13:17 -0500}
}

@ARTICLE{P6,
  author = {Sass-Klaasen, U},
  title = {Dendroarchaeology: successes in the past and challenges for the future},
  journal = {Dendrochronologia},
  year = {2002},
  volume = {20},
  pages = {87-93},
  number = {1-2},
  bdsk-file-1 = {YnBsaXN0MDDUAQIDBAUIJidUJHRvcFgkb2JqZWN0c1gkdmVyc2lvblkkYXJjaGl2ZXLRBgdUcm9vdIABqAkKFRYXGyIjVSRudWxs0wsMDQ4RFFpOUy5vYmplY3RzV05TLmtleXNWJGNsYXNzog8QgASABqISE4ACgAOAB1lhbGlhc0RhdGFccmVsYXRpdmVQYXRo0hgNGRpXTlMuZGF0YU8RAZYAAAAAAZYAAgAADE1hY2ludG9zaCBIRAAAAAAAAAAAAAAAAAAAAMIUqMpIKwAAACZErQZQNi5wZGYAAAAAAAAAAAAAAAAAAAAAAAAAAAAAAAAAAAAAAAAAAAAAAAAAAAAAAAAAAAAAAAAAAAAAAAAAAAAAJkftxQuvTFBERiBDQVJPAAIABQAACSAAAAAAAAAAAAAAAAAAAAAEUERGcwAQAAgAAMIU7xoAAAARAAgAAMUL54wAAAABABgAJkStACZErAAMWaEAB9aiAAfWlQAAcCAAAgBETWFjaW50b3NoIEhEOlVzZXJzOnBldGVyYnJld2VyOkRvY3VtZW50czpXb3JrOlJlZmVyZW5jZXM6UERGczpQNi5wZGYADgAOAAYAUAA2AC4AcABkAGYADwAaAAwATQBhAGMAaQBuAHQAbwBzAGgAIABIAEQAEgA3VXNlcnMvcGV0ZXJicmV3ZXIvRG9jdW1lbnRzL1dvcmsvUmVmZXJlbmNlcy9QREZzL1A2LnBkZgAAEwABLwAAFQACABL//wAAgAXSHB0eH1gkY2xhc3Nlc1okY2xhc3NuYW1lox8gIV1OU011dGFibGVEYXRhVk5TRGF0YVhOU09iamVjdF8QKy4uLy4uL0RvY3VtZW50cy9Xb3JrL1JlZmVyZW5jZXMvUERGcy9QNi5wZGbSHB0kJaIlIVxOU0RpY3Rpb25hcnkSAAGGoF8QD05TS2V5ZWRBcmNoaXZlcgAIABEAFgAfACgAMgA1ADoAPABFAEsAUgBdAGUAbABvAHEAcwB2AHgAegB8AIYAkwCYAKACOgI8AkECSgJVAlkCZwJuAncCpQKqAq0CugK/AAAAAAAAAgEAAAAAAAAAKAAAAAAAAAAAAAAAAAAAAtE=},
  date-added = {2008-10-03 11:15:03 -0400},
  date-modified = {2008-10-03 11:16:31 -0400},
  keywords = {Dendroarchaeology, archaeology, dating, palaeoecology, databases,
	dataformats}
}

@INPROCEEDINGS{P12,
  author = {Schmatz, DR and Ghosh, S and Heller, I},
  title = {Tree ring web and alternative chronologies},
  booktitle = {International conference tree rings and people},
  year = {2001},
  editor = {Kaennel, M and Bräker, OU},
  pages = {120},
  address = {Birmensdorf},
  month = {September},
  publisher = {Swiss Federal Research Institute WSL},
  bdsk-url-1 = {http://www.wsl.ch/dendro/dendrodb.html},
  date-added = {2008-11-19 09:51:27 -0500},
  date-modified = {2008-11-19 10:08:26 -0500},
  url = {http://www.wsl.ch/dendro/dendrodb.html}
}

@BOOK{speer2010,
  title = {Fundamentals of Tree Ring Research},
  publisher = {University of Arizona Press},
  year = {2010},
  author = {Speer, J},
  date-added = {2010-07-12 10:23:30 -0400},
  date-modified = {2010-07-12 10:29:21 -0400}
}

@BOOK{dendroforwin,
  title = {Dendro For Windows program guide},
  publisher = {ARCUS Report 500},
  year = {1999},
  author = {IG Tyers},
  date-added = {2010-07-02 15:54:08 -0400},
  date-modified = {2010-07-02 15:54:51 -0400}
}

@BOOK{wfs,
  title = {{Web Feature Service} implementation specification v1.1.0},
  publisher = {Open Geospatial Consortium},
  year = {2005},
  author = {Vretanos, PA},
  bdsk-url-1 = {http://portal.opengeospatial.org/files/?artifact_id=8339},
  date-added = {2008-11-19 09:55:59 -0500},
  date-modified = {2008-11-19 09:58:42 -0500},
  url = {http://portal.opengeospatial.org/files/?artifact_id=8339}
}

