% This file was created with JabRef 2.6.
% Encoding: ISO8859_1

@ARTICLE{tricycle,
  author = {Brewer, Peter and Murphy, Daniel and Jansma, Esther},
  title = {{TRiCYCLE}: A universal conversion tool for digital tree-ring data},
  journal = {Tree-Ring Research},
  year = {in review},
  owner = {pwb48},
  timestamp = {2011.02.04}
}

@ARTICLE{Jansma2009,
  author = {Jansma, E and Brewer, Peter W and Zandhuis, I},
  title = {{TRiDaS} 1.1: The tree ring data standard},
  journal = {Dendrochronologia},
  year = {2010},
  volume = {28},
  pages = {99-130},
  number = {2},
  bdsk-url-1 = {http://dx.doi.org/10.1016/j.dendro.2009.06.009},
  date-modified = {2010-04-01 11:52:27 -0400},
  owner = {pwb48},
  timestamp = {2011.02.04},
  url = {http://dx.doi.org/10.1016/j.dendro.2009.06.009}
}

@comment{jabref-meta: selector_publisher:}

@comment{jabref-meta: selector_author:}

@comment{jabref-meta: selector_journal:}

@comment{jabref-meta: selector_keywords:}

